% This file was created with JabRef 2.6.
% Encoding: ISO8859_1

@ARTICLE{cabiddu11trusted,
  author = {Giovanni Cabiddu and Emanuele Cesena and Roberto Sassu and Davide
	Vernizzi and Gianluca Ramunno and Antonio Lioy},
  title = {Trusted Platform Agent},
  journal = {IEEE Software (Special issue on Software Protection)},
  year = {2011},
  note = {To appear},
  owner = {io},
  timestamp = {2010.09.23}
}

@INPROCEEDINGS{cabiddu10anonymous,
  author = {Giovanni Cabiddu and Emanuele Cesena and Davide Vernizzi},
  title = {Anonymous services -- Enhancing end-user privacy exploiting anonymous
	networks},
  booktitle = {SECRYPT 2010: International Conference on Security and Cryptography},
  year = {2010},
  pages = {221--225},
  address = {Athens, Greece},
  month = {July 26--28},
  owner = {io},
  timestamp = {2010.09.21}
}

@INPROCEEDINGS{cesena10anonymous,
  author = {Emanuele Cesena and Hans L{\"o}hr and Gianluca Ramunno and Ahmad-Reza
	Sadeghi and Davide Vernizzi},
  title = {Anonymous Authentication with {TLS} and {DAA}},
  booktitle = {TRUST~2010: Proceeding of the 3rd International Conference on Trust
	and Trustworthy Computing},
  year = {2010},
  volume = {6101},
  series = {LNCS},
  pages = {47--62},
  address = {Berlin, Germany},
  month = {June 21--23},
  publisher = {Springer},
  doi = {10.1007/978-3-642-13869-0_4},
  owner = {io},
  timestamp = {2009.10.28}
}

@inproceedings{armknecht08efficient,
 author = {Armknecht, Frederik and Gasmi, Yacine and Sadeghi, Ahmad-Reza and Stewin, Patrick and Unger, Martin and Ramunno, Gianluca and Vernizzi, Davide},
 title = {An efficient implementation of trusted channels based on openssl},
 booktitle = {Proceedings of the 3rd ACM workshop on Scalable trusted computing},
 series = {STC '08},
 year = {2008},
 isbn = {978-1-60558-295-5},
 location = {Alexandria, Virginia, USA},
 pages = {41--50},
 numpages = {10},
 url = {http://doi.acm.org/10.1145/1456455.1456462},
 doi = {http://doi.acm.org/10.1145/1456455.1456462},
 acmid = {1456462},
 publisher = {ACM},
 address = {New York, NY, USA},
 keywords = {attestation, openSSL, transport layer security (TLS), trusted channel, trusted computing (TC)},
} 

@INPROCEEDINGS{cesena08secure,
  author = {Emanuele Cesena and Gianluca Ramunno and Davide Vernizzi},
  title = {Secure storage using a sealing proxy},
  booktitle = {EUROSEC~'08: Proceedings of the 1st European workshop on system security},
  year = {2008},
  pages = {27--34},
  address = {Glasgow, Scotland},
  month = {March 31},
  publisher = {ACM Press},
  doi = {10.1145/1355284.1355290},
  isbn = {978-1-60558-119-4},
  location = {Glasgow, Scotland},
  owner = {io},
  timestamp = {2009.10.20}
}

@INPROCEEDINGS{cesena08towards,
  author = {Emanuele Cesena and Gianluca Ramunno and Davide Vernizzi},
  title = {Towards {T}rusted {B}roadcast {E}ncryption},
  booktitle = {TrustCom~2008: Proceedings of the 2008 international symposium on
	Trusted Computing},
  year = {2008},
  pages = {2125--2130},
  address = {Zhang Jia Jie, Hunan, China},
  month = {November 18--20},
  publisher = {IEEE Computer Society},
  doi = {10.1109/ICYCS.2008.499},
  isbn = {978-0-7695-3398-8},
  owner = {io},
  timestamp = {2009.10.28}
}

@INPROCEEDINGS{cesena07performances,
  author = {Emanuele Cesena and Paolo C. Pomi and Gianluca Ramunno and Davide
	Vernizzi},
  title = {Performances of {X}en's Secured Virtual Networks},
  booktitle = {TNC~2007: TERENA Networking Conference},
  year = {2007},
  address = {Copenhagen, Denmark},
  month = {May 21--24},
  owner = {io},
  timestamp = {2010.09.09}
}

@ARTICLE {vernizziXXbolstering,
  author={Davide Vernizzi and Paolo C. Pomi and Giorgio Calandriello and Panagiotis Papadimitratos},
  title={Bolstering Data Trust in Vehicular Communication System Trusted Computing},
  journal={IEEE Vehicular Technology Magazine},
  year={preprint},
}

@comment{jabref-meta: selector_publisher:}

@comment{jabref-meta: selector_author:}

@comment{jabref-meta: selector_journal:}

@comment{jabref-meta: selector_keywords:}

