% This file was created with JabRef 2.6.
% Encoding: ISO8859_1

@TECHREPORT{cesena09openssl,
  author = {Emanuele Cesena and Gianluca Ramunno and Davide Vernizzi},
  title = {{OpenSSL} engine/{DAA} enhancement design specification},
  institution = {Politecnico di Torino},
  year = {2009},
  type = {Deliverable Open\_TC},
  number = {D03c.6},
  owner = {io},
  timestamp = {2010.09.21}
}

@TECHREPORT{cesena09openssla,
  author = {Emanuele Cesena and Gianluca Ramunno and Davide Vernizzi},
  title = {{OpenSSL} engine/{DAA} enhancement source code and documentation},
  institution = {Politecnico di Torino},
  year = {2009},
  type = {Deliverable Open\_TC},
  number = {D03c.12},
  owner = {io},
  timestamp = {2010.09.21}
}

@TECHREPORT{cesena09ssl,
  author = {Emanuele Cesena and Gianluca Ramunno and Davide Vernizzi},
  title = {{SSL}/{TLS} {DAA}-enhancement specification},
  institution = {Politecnico di Torino},
  year = {2009},
  type = {Deliverable Open\_TC},
  number = {D03c.3},
  owner = {io},
  timestamp = {2010.09.21}
}

@MISC{chiariglione10proposal,
  author = {Filippo Chiariglione and Angelo Difino and Davide Vernizzi and Emanuele
	Cesena},
  title = {Proposal for Verify Device Protocol},
  howpublished = {ISO/IEC JTC 1/SC 29/WG 11. Geneva, Switzerland},
  month = {July},
  year = {2010},
  note = {Response to the MPEG AIT Call for Proposals},
  owner = {io},
  timestamp = {2010.09.22}
}

@comment{jabref-meta: selector_publisher:}

@comment{jabref-meta: selector_author:}

@comment{jabref-meta: selector_journal:}

@comment{jabref-meta: selector_keywords:}

